4510 5930
1968 452 1987 508 b

224 619 309 700 (pruni
330 620 422 682 uncis
441 618 605 680 secludere
624 619 727 682 solent
747 619 806 680 tiri
826 619 940 682 critiri.
965 619 1061 682 latere
1081 625 1157 702 puto
1173 616 1354 701 proferto.
1368 641 1443 704 ‚qno
1463 622 1560 684 verbo
1584 623 1712 706 saepius
1738 625 1838 686 utitur
1857 625 1991 708 scriptor

224 725 258 788 B.
279 723 318 786 H.
339 724 392 787 cfr.
413 727 464 796 25,
491 729 508 786 'l
533 745 675 806 ‹prorruu
700 746 815 807 piraua
840 731 920 787 assat
944 746 1045 808 propa
1068 727 1209 808 proferto
1234 728 1256 792 i
1280 727 1440 810 ‹ur-mmm
1465 731 1522 801 26,
1547 733 1565 794 u
1592 729 1737 810 Prosae
1761 736 1873 792 nostro
1897 753 1983 794 orriri-

225 837 331 894 maalu
352 832 506 914 priuati.
528 885 532 896 .
554 884 560 896 .
579 833 775 896 ilasaeiuleul.

1049 958 1106 1038 lv,
1138 964 1164 1024 1.

383 1103 483 1164 capra
507 1082 623 1144 itinera
647 1081 796 1145 loricatos·
822 1083 907 1145 riros
930 1083 1030 1164 sortes
1053 1104 1128 1145 arria
1152 1082 1299 1164 rqrritalu
1324 1088 1400 1145 aute
1419 1083 1611 1165 presumsit·
1640 1084 1700 1166 qui
1721 1085 1825 1148 simul
1848 1085 1882 1148 iu
1908 1107 1985 1149 eou-

222 1193 367 1271 spaclum.
396 1189 511 1272 oppidi
532 1209 566 1250 se
588 1189 745 1250 dederuut
767 1210 842 1251 craia
870 1190 963 1271 apriis
992 1189 1210 1272 recipiuntur.
1270 1187 1498 1272 Oudendorpio
1530 1191 1611 1254 duce
1642 1191 1778 1254 editores
1809 1212 1884 1254 riam
1915 1200 1989 1256 ante

223 1295 314 1378 amus
339 1303 469 1359 exstans
494 1297 688 1360 deleverunt.
743 1297 938 1363 Seruaeo.
964 1317 1003 1361 ne
1027 1317 1091 1360 non
1116 1303 1199 1361 recte
1223 1297 1364 1362 fecerint.
1416 1297 1532 1360 Nescio
1563 1301 1663 1378 enim,
1693 1319 1734 1362 an
1763 1301 1897 1382 scriptor
1919 1319 1987 1362 eam

224 1405 365 1466 imitatus
390 1403 430 1466 sit
455 1405 723 1466 constructionem
749 1404 985 1466 coniunctionis
1008 1423 1092 1475 mirri,
1118 1424 1214 1486 quam
1234 1405 1418 1467 invenimus
1441 1413 1511 1487 post
1531 1408 1697 1470 enuntiata
1720 1407 1882 1488 primaria.
1907 1428 1989 1490 qrrue

223 1510 376 1573 exhibent
399 1510 548 1574 adverbia
574 1510 642 1588 eir,
664 1531 768 1592 pamm
792 1512 854 1573 clia
879 1511 1044 1573 eiusmodi.
1092 1510 1276 1572 Anterum
1300 1518 1456 1574 commate
1481 1513 1773 1594 interpungendum
1798 1521 1852 1576 est.

1033 1705 1070 1784 u,
1097 1710 1122 1768 1.
1148 1709 1177 1769 a.

385 1831 502 1894 (basra
519 1853 592 1892 rum
617 1832 660 1894 ad
681 1831 806 1913 flauum
835 1829 960 1892 Baetim
988 1830 1134 1909 emisset,
1160 1851 1262 1912 tleqllt’
1281 1835 1417 1913 propter
1434 1831 1642 1894 altitudinem
1667 1831 1822 1915 liruuiuis
1847 1834 1988 1897 trausire

219 1942 337 2020 passui,
368 1937 534 2020 lapididus
558 1938 663 2000 carlus
684 1939 798 2020 plenos
821 1937 972 2000 elambit:
1008 1937 1053 1999 ila
1085 1937 1222 2020 iusuper
1248 1942 1349 2019 parde
1377 1936 1463 2020 scuto
1492 1939 1603 2023 capuae.
1625 1939 1669 2001 ad
1690 1945 1797 2003 eastra
1821 1941 1988 2024 tripartita

222 2045 421 2108 trausrlurit.
461 2045 595 2107 Terrebat
612 2045 784 2108 adeersum
804 2045 962 2128 oppidum
988 2065 1003 2105 a
1027 2044 1154 2126 ruribus
1175 2044 1273 2126 proicit
1297 2043 1401 2108 trabes
1424 2049 1463 2106 ut
1480 2065 1584 2128 supua
1602 2045 1807 2128 scripsimus,
1832 2047 1987 2130 bipartito

222 2151 279 2234 [sic
304 2151 393 2216 codd.
418 2153 607 2235 compendio
631 2155 802 2235 scriptum:
836 2151 997 2234 impertito
1022 2151 1116 2214 babet
1139 2151 1190 2235 Vl.
1247 2149 1494 2234 Oudendorpius
1518 2172 1574 2234 pro
1594 2151 1694 2235 pouit
1717 2154 1842 2236 scripsit
1864 2155 1986 2236 potitis,

222 2257 308 2341 qrrod
338 2265 386 2322 est
415 2261 450 2321 iu
474 2257 506 2338 d,
540 2257 686 2322 (llarlrius
718 2263 824 2322 eastra
857 2279 914 2341 pro
945 2257 1058 2321 trabas.
1117 2257 1300 2340 Utrumque
1331 2278 1405 2321 eum
1437 2265 1531 2322 antee
1560 2259 1775 2342 probaverim,
1807 2279 1840 2323 re
1871 2261 1985 2323 iterum

223 2367 402 2448 itermnque
432 2367 586 2448 pensitato
618 2387 703 2428 nune
735 2366 794 2429 hoe
825 2365 972 2448 repudio,
1002 2365 1084 2428 illud
1107 2385 1147 2428 ex
1177 2371 1266 2448 parte
1295 2385 1383 2428 nunc
1412 2385 1541 2448 ‹proque
1571 2371 1677 2440 teneo,
1709 2367 1792 2429 idem
1816 2367 1860 2429 ad
1881 2372 1986 2429 rastra

222 2473 423 2536 retinendum
452 2481 530 2556 puto
560 2494 579 2535 a
608 2471 751 2536 Kranero
781 2473 1035 2535 additamentum
1063 2474 1228 2552 reiectum,
1268 2492 1332 2556 quo
1363 2473 1402 2536 de
1432 2473 1667 2556 miticipationis
1699 2473 1888 2536 hellenismo
1923 2475 1986 2538 dis·

220 2581 306 2644 serui
331 2582 363 2643 iu
387 2601 468 2644 airu.
492 2579 593 2643 ilisa.
620 2579 907 2643 MDCCCLXXIX
932 2601 960 2663 p.
982 2581 1031 2643 66.
1088 2580 1162 2643 lure
1186 2587 1293 2642 autern
1316 2577 1443 2643 Krauer
1466 2580 1497 2642 id
1522 2581 1601 2642 milri
1625 2581 1827 2644 contendisse
1852 2581 1986 2652 ridetur.

220 2687 316 2751 rerba
347 2687 443 2770 pariit
472 2687 575 2750 trabes
604 2687 731 2751 turbata
761 2686 932 2750 verborum
964 2688 1045 2749 serie
1073 2686 1204 2749 aliunde
1235 2706 1271 2748 ec
1304 2705 1374 2749 esse
1402 2685 1542 2769 profecta
1573 2693 1604 2750 et
1634 2688 1792 2770 pertinere
1816 2687 1855 2749 ad
1879 2687 1986 2754 verba.

222 2814 304 2876 (ptrue
327 2795 523 2878 praecedunt
546 2794 711 2877 lapidibus
735 2793 842 2856 corbas
861 2794 976 2876 planos
999 2792 1139 2873 almaini,
1164 2795 1198 2855 in
1224 2792 1342 2876 quibus
1365 2794 1471 2857 trebes
1494 2794 1706 2877 ponebantur,
1730 2801 1766 2857 ut
1784 2814 1865 2876 pons
1889 2794 1984 2857 fieret.

220 2901 366 2965 Forsitan
391 2903 598 2965 coniunctum
622 2902 719 2964 fuerit
748 2921 821 2964 eum
845 2901 911 2964 illis
935 2901 1041 2964 verbis
1069 2900 1208 2982 iusuper
1231 2900 1432 2980 adverbium,
1462 2901 1547 2984 <prod
1580 2921 1667 2964 nunc
1690 2902 1809 2982 legitur
1831 2909 1902 2984 post
1925 2901 1982 2963 ita.

220 3007 333 3092 Neque
358 3009 486 3073 difficile
510 3015 557 3072 est
581 3008 620 3072 ad
645 3008 908 3092 intellegendum.
934 3007 1094 3090 quomodo
1119 3007 1217 3070 verba
1241 3008 1425 3092 irrepserint
1448 3010 1481 3071 in
1505 3009 1597 3071 illum
1621 3009 1736 3072 locum.
1770 2991 1996 3070 Similitudine'

220 3118 305 3180 enim
334 3117 512 3180 litterarum
541 3119 624 3180 inter
650 3116 764 3198 pontis
788 3125 818 3178 et
845 3115 942 3198 pouit
970 3115 1124 3178 voeabula
1155 3115 1371 3179 intercedente
1402 3115 1531 3198 {pardis
1562 3117 1646 3177 eninr
1679 3135 1790 3178 rooem
1821 3135 1880 3199 ega
1911 3135 1984 3179 cum

220 3224 292 3286 aliis
316 3231 386 3306 post
409 3245 424 3286 a
444 3223 571 3304 regu'oaa
594 3224 742 3306 supplere
766 3243 830 3285 non
850 3222 973 3300 dubito)
998 3223 1116 3285 tactum
1141 3229 1201 3302 est,
1224 3228 1261 3284 ut
1285 3222 1382 3286 verba
1401 3221 1500 3304 pauit
1524 3221 1628 3284 trabes
1651 3222 1684 3283 in
1705 3223 1848 3304 margine
1868 3223 1985 3305 scripta

219 3331 296 3394 illuc
320 3333 545 3410 insererentur,
569 3331 720 3393 etaltera
739 3349 803 3392 vox
823 3330 1054 3392 extruderetur.
1089 3328 1197 3392 Restat
1217 3335 1252 3392 ut
1272 3329 1435 3392 deleamus
1455 3327 1610 3411 bipartito
1630 3348 1753 3408 rocem,
1778 3347 1861 3411 quac
1884 3330 1983 3392 estin

219 3437 283 3500 fine
306 3439 476 3516 enuntia-tn
502 3457 607 3520 neque
631 3438 716 3500 enim
740 3438 775 3500 in
799 3437 857 3514 eie,
882 3455 965 3518 quae
988 3443 1170 3518 sequuntur
1193 3436 1342 3499 binorum
1367 3443 1544 3500 castrorum
1568 3435 1603 3500 fit
1626 3436 1754 3499 mentio.
1786 3434 1985 3519 Quapropter

220 3564 289 3608 eam
314 3565 423 3609 rocem
448 3565 490 3609 ex
513 3545 720 3608 antecedente
746 3543 908 3626 tripertito
932 3544 1039 3625 inepte
1062 3544 1231 3626 repetitum
1256 3550 1300 3622 et.
1330 3563 1404 3606 crim
1429 3544 1512 3606 trine
1535 3551 1640 3606 castra
1670 3544 1766 3606 nimis
1789 3542 1892 3606 multa
1915 3561 1984 3605 esse

220 3651 413 3730 viderentur,
438 3653 585 3716 consulto
609 3657 763 3715 mutatam
788 3670 857 3714 esse
885 3653 943 3713 rix
972 3651 1149 3734 negaveris.
1202 3649 1375 3714 Putaverat
1398 3658 1504 3714 eutem
1529 3649 1692 3730 librariae,
1721 3657 1863 3733 spectare
1887 3649 1984 3713 rerba

221 3763 258 3820 ut
279 3777 383 3840 supra
405 3759 602 3842 scripsimus
625 3759 665 3822 ad
689 3765 805 3838 cestra,
829 3759 870 3822 ad
894 3777 977 3841 quae
1001 3759 1157 3841 tripartito
1182 3755 1408 3821 transduxerat
1431 3755 1548 3820 Caesar
1571 3758 1757 3827 exereitum.
1799 3757 1862 3821 Sed
1886 3758 1986 3840 respi-

219 3866 309 3928 ciunt
328 3866 368 3928 ad
387 3886 498 3930 vocem
519 3866 644 3949 politis,
669 3885 766 3949 quam
786 3884 827 3928 ex
846 3865 946 3948 pouit
969 3865 1198 3948 supplevimus.
1236 3863 1384 3947 Namque
1401 3869 1441 3926 ut
1458 3883 1563 3946 supra
1580 3863 1776 3946 scripsimus
1795 3865 1875 3926 nihil
1895 3865 1980 3927 eliud
2020 3867 2024 3876 '

219 3973 378 4057 significat
403 3976 465 4036 nisi
492 3995 586 4056 parem
613 3974 705 4037 alodo
730 3972 1055 4036 amarulentamrimus
1081 3973 1135 4038 cfr.
1155 3977 1189 4054 4,
1209 3975 1229 4036 2
1253 3971 1394 4051 manu,
1421 3976 1582 4054 utsupra
1605 3970 1810 4053 scripsimus,
1835 3991 1872 4032 aa
1890 3969 1982 4052 equis

220 4081 451 4144 (leseeudemlut
476 4083 508 4157 8,
533 4084 553 4146 6
577 4101 660 4164 qtme
682 4081 802 4163 oppida
826 4101 930 4163 surpra
952 4085 1034 4142 sam
1056 4079 1191 4162 serapia.

380 4186 504 4262 Quibus
524 4189 677 4272 expositis
696 4188 824 4250 initium
844 4188 955 4270 capitis
975 4189 1020 4248 sie
1043 4186 1278 4250 restituendum
1297 4205 1412 4250 censeo
1436 4184 1552 4248 Caesar
1572 4235 1578 4248 .
1602 4234 1609 4247 .
1634 4235 1639 4246 .
1664 4235 1670 4247 .
1693 4183 1858 4266 lapidibus
1877 4183 1982 4246 corbes

214 4295 329 4376 pbrros
352 4294 499 4367 detrusit:
524 4295 663 4377 iusuper
687 4295 787 4378 pariit
810 4293 934 4357 trabes:
961 4294 1007 4356 ita
1027 4298 1128 4375 prorata
1149 4293 1236 4376 facto
1258 4293 1369 4376 copias
1391 4294 1434 4356 ad
1455 4296 1562 4356 castra
1587 4290 1753 4374 tripartito
1778 4290 1978 4354 uramara.

222 4401 357 4465 Terrebat
379 4401 551 4466 adrasum
574 4401 733 4484 oppidum
757 4422 773 4464 a
796 4401 924 4484 repioua
944 4401 1067 4483 pontis,
1091 4405 1131 4462 ul
1153 4419 1257 4482 surpra
1279 4400 1475 4482 scripsimus
1498 4398 1696 4483 [bipertitoj.

378 4512 431 4573 Ad
455 4509 579 4572 terrebat
602 4527 643 4572 ex
667 4507 929 4573 antecedentibus
952 4506 1059 4570 verbis
1082 4507 1175 4569 facile
1204 4505 1395 4594 subauditur
1423 4510 1549 4582 nostru·
1581 4506 1717 4588 ideoque
1741 4525 1807 4568 non
1831 4524 1911 4588 opus
1934 4511 1982 4566 est

219 4638 292 4682 cum
317 4617 476 4701 Stephano
501 4623 624 4680 mutare
652 4617 686 4680 in
715 4614 873 4694 irridebat,
902 4633 1073 4698 quaeror
1102 4614 1251 4678 abhorret
1279 4634 1299 4676 a
1322 4614 1485 4696 scriptoris
1513 4613 1746 4676 consuetudine
1775 4611 1901 4676 dicendi
1926 4610 1979 4674 cfr.

217 4725 330 4789 Jalao.
361 4726 445 4788 1879
469 4743 497 4807 p.
523 4726 596 4788 862.

1050 4882 1089 4963 V,
1121 4887 1148 4946 7.

380 5010 433 5073 Ita
460 5009 572 5074 diebus
600 5009 822 5092 eoiirplurilau
852 5008 1001 5092 rapiebat
1035 5008 1160 5084 (berar,
1190 5007 1222 5069 si
1248 5027 1315 5088 prm
1341 5005 1526 5068 cmrdr'lioua
1555 5010 1677 5088 posset,
1709 5003 1911 5067 aduersarios
1942 5003 1979 5064 iu

217 5137 358 5198 (rapimur
383 5117 487 5180 lomim
512 5117 671 5180 aledtieare.
721 5117 757 5180 In
783 5117 841 5195 eis,
866 5137 947 5200 quae
971 5115 1177 5196 antecedunt,
1206 5116 1342 5197 scriptor
1368 5112 1448 5176 nibil
1479 5115 1540 5176 nisi
1571 5113 1603 5175 id
1628 5112 1781 5192 nonaria.
1812 5109 1977 5174 Caesarem
