4510 5930
740 1907 1398 2012 PRAEMITTENDA.

348 2349 557 2426 Quaestiones
581 2351 706 2414 criticas
731 2351 769 2414 ad
794 2351 1029 2438 emendandum
1053 2353 1165 2416 incerti
1189 2354 1352 2436 scriptoris
1375 2353 1507 2436 librum,
1532 2357 1588 2438 qui
1612 2357 1797 2420 inscribitur
1819 2357 1946 2421 Bellona

189 2456 410 2540 Hispaniense
449 2463 626 2540 spectantes
665 2477 705 2521 ex
747 2479 810 2540 quo
852 2467 992 2542 tempore
1033 2461 1152 2544 primus
1192 2461 1224 2521 in
1266 2459 1390 2522 selrolee
1431 2459 1611 2524 ldisnensis
1651 2463 1829 2526 orrerelidns
1872 2467 1948 2528 anni

188 2562 485 2644 llDCCOLXXVI,
515 2565 630 2628 alteras
660 2573 690 2628 et
714 2567 822 2628 tertias
847 2571 877 2628 et
902 2572 1030 2648 quartas
1061 2568 1093 2629 in
1122 2565 1315 2640 errreolibns,
1348 2569 1404 2650 qui
1427 2587 1515 2631 nunc
1539 2569 1680 2633 eduntur
1702 2591 1721 2634 a
1745 2569 1948 2635 Fleeleiseno

188 2673 255 2732 riro
280 2671 463 2735 doctissimo
495 2677 569 2734 torn.
597 2671 720 2735 oxvfl
744 2693 773 2756 p.
794 2675 857 2736 ‘273
883 2693 950 2756 sqq.
975 2681 1006 2736 et
1030 2679 1106 2736 lone.
1134 2672 1242 2736 CXIX
1267 2694 1294 2756 p.
1317 2676 1380 2738 849
1405 2695 1473 2758 sqq.
1498 2685 1528 2738 et
1553 2677 1585 2738 in
1612 2677 1709 2739 selml.
1737 2676 1838 2740 ln'so.
1865 2699 1944 2742 orere.

186 2780 262 2840 anni
287 2777 565 2842 MDXXXLXIX
595 2779 716 2862 publici
746 2781 825 2842 iuris
855 2781 1003 2862 feceram,
1035 2781 1138 2844 tribus
1168 2782 1324 2864 imprimis
1352 2781 1442 2844 libris
1471 2783 1597 2846 interim
1627 2784 1720 2846 editis
1748 2804 1832 2847 nora
1860 2785 1947 2849 illius

187 2887 259 2948 libri
293 2888 325 2948 in
358 2887 603 2950 commodiorem
638 2895 754 2950 statum
788 2889 957 2952 revocandi
991 2895 1098 2972 parata
1132 2897 1208 2952 sunt
1237 2889 1402 2972 praesidia.
1457 2887 1583 2972 Optime
1614 2891 1699 2953 enim
1730 2891 1768 2954 de
1799 2910 1835 2954 eo
1866 2891 1947 2954 libro

186 2995 290 3056 meriti
321 3001 397 3056 suut
425 3013 498 3056 cum
526 2994 743 3076 Siegnrundus
772 2993 904 3073 Preuss,
934 2997 989 3077 qui
1019 2996 1207 3078 conseripsit
1236 2995 1354 3058 librom
1386 2995 1620 3078 l'ollstdndipes
1644 2995 1789 3060 Lerr'l·on
1818 3018 1861 3059 an
1886 2998 1945 3060 dere

181 3101 545 3182 pseudo-eoesoriseden
569 3101 834 3182 Selnn'ftnarlron.
860 3109 929 3164 tum
952 3091 1107 3185 Iosephus
1127 3100 1310 3184 Degenlrart
1332 3103 1423 3182 libro,
1448 3104 1503 3184 qui
1528 3103 1714 3166 inscribitur
1738 3103 1786 3166 In
1804 3104 1947 3167 decoloris

187 3207 259 3269 delli
290 3207 528 3290 Hispaniensis
561 3207 738 3270 elocutione
770 3213 799 3269 el
831 3208 895 3289 fide
927 3207 1081 3270 historice
1115 3211 1289 3292 composito
1322 3209 1580 3292 Albreohtusque
1613 3209 1753 3273 Koehler·
1785 3210 1865 3273 libro
1900 3209 1947 3272 De

185 3319 356 3376 nneiornrn
382 3314 454 3377 belli
473 3313 629 3396 Africani
651 3319 681 3375 et
704 3313 776 3376 belli
799 3313 1036 3396 Hispaniensis
1060 3315 1223 3378 letirn‘inle
1246 3316 1371 3398 scripte.
1418 3315 1565 3398 Namque
1589 3336 1662 3379 eum
1687 3317 1827 3378 alter-
1848 3323 1884 3380 ut.
1907 3316 1946 3378 ab

186 3423 245 3500 eis,
279 3441 360 3504 quos
392 3421 490 3484 altero
522 3423 590 3484 loeo
621 3423 784 3484 nominavi
819 3423 968 3503 incipiam
999 3423 1077 3484 viris
1102 3460 1143 3467 —-
1178 3430 1207 3485 et
1238 3423 1417 3486 elocutione
1449 3429 1480 3486 et
1508 3423 1570 3486 fide
1603 3424 1750 3486 historica
1785 3424 1947 3506 scriptoris

187 3531 356 3612 diligenter
388 3531 568 3592 examinata
600 3529 802 3607 ostendisset,
835 3547 928 3592 caeco
962 3527 1104 3592 Caesaris
1134 3529 1241 3593 studio
1275 3535 1305 3592 et
1338 3549 1444 3594 amore
1472 3531 1550 3592 adeo
1580 3536 1844 3613 praeoccupatum
1879 3548 1947 3593 esse

186 3638 328 3699 animum
353 3638 435 3717 eiuS,
460 3645 583 3699 utnon
608 3637 701 3700 modo
725 3655 761 3699 ea
784 3637 879 3713 facta,
913 3655 995 3718 quae
1019 3635 1144 3699 Caesari
1169 3639 1277 3699 neseio
1301 3657 1341 3698 arr
1366 3657 1431 3700 non
1454 3637 1573 3700 fuerint
1597 3639 1684 3701 laudi
1709 3639 1869 3720 deeorive,
1892 3647 1946 3701 aut

186 3745 316 3806 omnino
336 3745 493 3806 omitteret
513 3751 568 3806 aut
592 3732 738 3806 consulto
758 3745 892 3822 fucaret,
916 3743 972 3806 sed
992 3745 1085 3806 etiam
1106 3745 1196 3812 vitia.
1220 3750 1360 3826 peecata,
1384 3744 1502 3807 seelera
1522 3744 1789 3828 Pompeianarum
1807 3747 1944 3828 partium

186 3869 289 3932 usque
314 3871 442 3934 quaque
466 3857 595 3932 attgeret
619 3859 650 3912 et
673 3857 893 3934 exaggeraret,
922 3852 1001 3913 alter
1024 3853 1186 3933 scriptoris
1210 3870 1356 3914 sermone
1379 3871 1452 3914 eum
1477 3853 1613 3914 aliorum
1637 3853 1668 3914 id
1692 3871 1795 3935 genus
1820 3852 1945 3915 dicendi

186 3959 376 4041 scriptorum
406 3958 534 4027 collato,
568 3976 650 4040 quae
681 3959 820 4020 sermoni
852 3959 977 4041 vulgari
1005 3965 1111 4020 essent
1141 3959 1328 4041 peculiaria,
1361 3959 1445 4022 haud
1479 3959 1629 4022 rnediocri
1654 3960 1803 4042 exposuit
1836 3959 1946 4022 iudicii

185 4066 369 4130 subtilitate.
407 4065 501 4128 Unde
525 4065 669 4134 efficitur,
693 4071 729 4126 ut
753 4063 881 4146 utrique
905 4085 942 4126 eo
967 4063 1052 4147 quod
1073 4084 1209 4146 qutuum
1230 4065 1429 4147 potissimum
1454 4083 1560 4127 rerum
1584 4066 1617 4126 iu
1642 4065 1840 4128 emendando
1863 4064 1945 4128 libro

186 4175 340 4236 rationem
365 4173 474 4236 haberi
494 4181 650 4256 oporteret
674 4173 864 4241 docuerunt,
888 4175 985 4236 totius
1009 4172 1082 4234 libri
1101 4172 1314 4234 emendationi
1339 4192 1454 4254 magno
1473 4173 1592 4235 fuerint
1612 4173 1686 4235 usui
1705 4179 1801 4254 atque
1824 4171 1945 4235 emolu-

185 4285 301 4360 mento,
321 4281 374 4344 ille
394 4281 549 4362 exemplis
573 4299 613 4342 ox
638 4281 706 4362 ipso
730 4280 811 4342 libro
835 4281 942 4362 petitis
966 4279 1176 4362 comprobans
1196 4281 1229 4340 in
1249 4279 1456 4342 emendandis
1477 4279 1554 4342 loeis
1575 4279 1767 4362 quibusdam
1788 4281 1945 4362 corruptis

186 4387 313 4450 laudern
344 4387 611 4470 Pompeianarum
641 4389 779 4470 partium
804 4409 821 4450 a
846 4388 923 4449 viris
951 4388 1069 4449 criticis
1099 4385 1320 4450 emendatione
1351 4387 1469 4449 illatam
1501 4388 1631 4448 omnino
1662 4404 1731 4448 esse
1755 4387 1945 4465 evitandam,

185 4495 237 4557 lric
267 4496 423 4578 exemplis
453 4494 582 4557 aliunde
613 4495 715 4556 allatis
746 4494 967 4558 demonstrans
998 4514 1062 4556 non
1093 4512 1211 4577 paucos
1241 4494 1341 4574 locos,
1374 4513 1455 4577 quos
1489 4494 1544 4576 qui
1578 4492 1697 4556 bellum
1731 4493 1944 4578 Hispaniense

185 4603 354 4666 ediderunt
383 4603 443 4664 viri
477 4603 560 4664 doeti
594 4603 626 4664 in
661 4600 890 4664 dubitationem
921 4601 1080 4664 vocandos
1113 4620 1183 4664 esse
1213 4607 1417 4673 censuerant,
1450 4620 1490 4662 ex
1523 4619 1582 4662 usu
1613 4601 1768 4663 sermonis
1802 4601 1944 4683 ardgaris

185 4709 408 4774 emendatione
427 4729 491 4772 non
517 4710 666 4792 indigere.
705 4708 808 4771 Tertio
832 4727 922 4786 vero,
947 4727 1042 4790 quem
1062 4728 1158 4791 supra
1177 4709 1267 4792 attigi
1287 4708 1367 4770 libro
1390 4729 1409 4770 a
1428 4707 1577 4794 Proussio
1597 4709 1769 4790 composito
1789 4709 1942 4770 eximium

185 4817 404 4881 adiumentum
434 4836 503 4880 esse
527 4817 635 4880 datnrrr
660 4836 733 4879 eum
758 4835 822 4878 non
853 4817 907 4896 sit,
937 4835 995 4878 eur
1024 4814 1171 4898 pluribus
1201 4833 1373 4898 exponam,
1403 4833 1505 4876 unum
1533 4814 1708 4876 alterumve
1731 4815 1827 4876 velim
1851 4813 1944 4877 liceat

185 4925 262 4987 mihi
287 4925 397 4988 aliene
421 4931 659 5007 argumentum,
684 4943 747 5006 quo
772 4932 909 5005 quantae
932 4925 992 4986 iste
1012 4923 1092 4985 liber·
1111 4922 1202 4986 nobis
1227 4924 1268 4986 sit
1291 4923 1434 4997 utilitati,
1458 4921 1669 4986 confirmetur.
1716 4921 1798 4984 Sunt
1821 4920 1944 5004 aliquot

185 5033 262 5112 loci,
292 5053 373 5115 quos
403 5031 571 5095 emendare
602 5032 766 5113 cupientes
796 5030 1022 5114 Nipperdeius,
1053 5029 1186 5112 Kraner,
1217 5031 1271 5092 alii
1303 5031 1352 5092 usi
1385 5035 1460 5090 sunt
1490 5029 1644 5111 particula
1675 5047 1712 5088 oe
1735 5028 1803 5088 sire
1825 5031 1941 5108 etqne:

185 5158 290 5221 neque
309 5147 414 5202 tamen
439 5146 517 5202 teste
537 5139 687 5202 Preussio
711 5138 788 5200 baec
808 5139 961 5220 particula
985 5139 1017 5200 in
1038 5139 1092 5200 illo
1111 5137 1193 5199 libro
1214 5155 1348 5218 usquam
1370 5135 1431 5224 nisi
1452 5155 1517 5200 uno
1537 5135 1605 5197 loeo
1625 5141 1719 5215 atque
1739 5153 1775 5196 eo
1795 5141 1942 5217 eonrrpto

1767 5259 1781 5309 i.
