4510 5930
296 615 330 672 ut
354 608 542 692 Pompeium
566 607 606 672 ab
631 608 746 691 oppido
771 615 1014 690 commeatuque
1038 607 1239 678 excluderet,
1263 627 1335 668 cunr
1358 605 1522 670 brachium
1542 606 1581 669 ad
1605 614 1733 690 pontem
1754 606 1871 668 ducere
1890 607 2053 688 coepisset.

291 716 331 778 ab
356 716 411 778 illo
436 735 505 778 esse
529 715 723 800 prohibitum
756 715 839 778 idom
869 715 972 778 facero
1000 719 1150 789 conante,
1183 714 1319 796 irleoque
1350 715 1518 776 cotidianis
1546 714 1674 797 proeliis
1703 731 1772 775 esse
1802 719 1980 796 pugnaturn
2010 714 2052 774 ita

293 831 328 886 ut
356 823 451 886 ruodo
481 823 526 902 tri,
558 823 651 885 niodo
683 821 729 884 itli
761 823 940 904 superiores
969 821 1175 884 discederent.
1235 821 1345 904 Neque
1368 839 1443 884 rero
1468 821 1644 903 quidquam
1675 827 1824 882 narratur
1847 819 1886 884 de
1910 819 2054 882 Caesaris

292 929 460 993 conatibus
486 927 615 1012 Pompei
639 929 672 990 in
698 948 838 1010 aequum
862 947 1009 1012 campum
1035 927 1228 990 cictrolrendi.
1282 926 1367 1010 Ergo
1392 929 1597 1010 reposcitur,
1622 933 1657 990 ut
1680 933 1751 1011 post
1775 925 1888 990 diebus
1912 926 2053 1009 complu-

292 1036 381 1100 ribus
397 1037 547 1100 lacunam
564 1053 634 1098 esse
651 1041 828 1097 statuamus
847 1034 932 1097 hunc
950 1036 982 1096 in
998 1033 1128 1097 modum
1145 1034 1336 1117 explendam
1355 1033 1406 1095 Itu
1425 1033 1537 1094 diebus
1555 1032 1778 1116 cornpturitms
1798 1033 2052 1116 consumptis

292 1143 441 1226 eripiebat
468 1145 584 1206 (besem
607 1152 663 1204 cte.
718 1141 833 1205 Caesar
856 1141 942 1204 eninr
965 1147 1134 1226 postquam
1160 1141 1239 1204 vidit
1264 1141 1451 1225 Pompeium
1476 1142 1505 1202 ri
1532 1162 1548 1203 a
1572 1147 1668 1224 ponte
1692 1146 1723 1203 et
1746 1160 1764 1202 a
1787 1145 1966 1203 commeatu
1989 1159 2051 1200 non

291 1269 383 1334 posse
403 1249 542 1322 excludi,
562 1257 593 1312 et
611 1249 716 1332 pontis
736 1249 911 1330 occupandi
933 1249 1065 1312 consilio
1086 1256 1210 1331 tanrpus
1230 1249 1287 1311 teri
1308 1249 1490 1331 frustraque
1508 1247 1668 1327 cionsunri,
1692 1246 1776 1310 haud
1797 1248 1948 1330 ignorans
1968 1265 2001 1310 se
2021 1247 2052 1308 in

292 1359 358 1420 acie
382 1365 579 1440 pugnantem
600 1357 750 1418 rictorem
777 1373 846 1417 csse
870 1374 1056 1432 erasurum,
1081 1361 1203 1418 mutata
1223 1355 1361 1418 bellandi
1382 1356 1502 1418 ratione
1525 1355 1580 1416 illo
1600 1355 1705 1437 pontis
1725 1354 1902 1438 occupandi
1921 1354 2053 1416 consilio

292 1464 415 1527 abiecto
441 1465 563 1526 trustem
586 1463 619 1524 iu
645 1481 790 1545 campum
817 1461 973 1524 deducam
997 1461 1153 1544 cupiebat.
1199 1461 1313 1524 Tribus
1338 1471 1443 1525 auteur
1470 1461 1575 1524 verbis
1599 1463 1760 1524 continuis
1784 1461 1824 1524 ab
1849 1461 1968 1525 eisdem
1991 1461 2054 1523 fere

294 1572 405 1634 litteris
427 1569 653 1654 incipientibus
672 1570 764 1633 tactile
783 1569 851 1631 fieri
877 1577 1010 1651 poterat.
1035 1575 1071 1630 ut
1093 1588 1194 1631 unuin
1216 1570 1422 1632 omitteretur.
1457 1567 1517 1632 Otr.
1541 1571 1629 1641 125
1654 1566 1729 1630 berre
1750 1589 1906 1648 ruoprrum
1928 1572 2055 1649 tempus

292 1682 566 1758 consumpserunt
593 1680 647 1746 ro,
671 1679 691 1739 ‘2
715 1697 789 1738 crrrrr
814 1675 890 1737 berre
916 1695 1066 1756 rrurpnum
1088 1679 1215 1756 purtem
1243 1675 1396 1757 ternporis
1420 1675 1709 1757 eousruupsisseut.

1121 1869 1178 1950 rr,
1207 1875 1232 1934 1.

454 1997 495 2060 Id
523 2019 596 2060 cerm
625 1995 895 2058 cirriurodrerteret
924 1995 1128 2059 odrersorios
1160 1996 1296 2060 rru'uimc
1327 1998 1414 2064 celle.
1446 2017 1526 2079 quos
1556 1998 1620 2080 piu.
1652 2001 1708 2079 (sic
1731 1997 1881 2076 TLUFV)
1911 1997 1951 2059 oli
1980 1995 2055 2058 l'liu

292 2110 479 2172 retruserat.
506 2111 542 2167 ut
566 2107 612 2188 rin
637 2103 786 2168 onrnibus
810 2104 975 2167 codicibus
998 2111 1123 2189 praeter
1145 2103 1171 2167 L
1190 2113 1221 2168 et
1240 2103 1344 2177 Dorr.)
1368 2105 1403 2167 iu
1429 2125 1568 2186 rreqrurm
1594 2107 1766 2172 deduceret.
1790 2104 1894 2188 copiis
1916 2102 2057 2186 sirrruirrc

295 2213 452 2274 irretortis
477 2216 572 2272 noctu
599 2210 685 2271 iubet
717 2210 806 2290 iones
831 2209 908 2292 fieri
936 2231 1081 2292 rrrropuoa.
1139 2211 1352 2296 Nipperdeius
1383 2216 1418 2274 ut
1443 2219 1516 2274 ante
1541 2211 1575 2273 iu
1606 2233 1746 2294 ceperum
1776 2217 1907 2275 exstans
1931 2211 2056 2280 delerit,

293 2341 374 2400 piros
400 2320 429 2380 iu
456 2338 519 2398 ipro
543 2338 594 2380 eos·
619 2317 778 2384 dissoluit,
809 2317 862 2398 qiu
888 2319 1075 2402 compendio
1106 2319 1264 2401 qrromodo
1289 2339 1399 2383 rocem
1430 2321 1585 2382 contineri
1614 2321 1752 2399 consuit,
1783 2339 1864 2402 quae
1890 2337 1954 2381 vox
1976 2337 2057 2397 roro.

294 2427 349 2489 sed
375 2445 617 2507 nonnumquam
649 2425 691 2486 itu
723 2423 885 2494 scribitur:
919 2445 999 2506 quus
1023 2427 1221 2488 ciuriecturas
1245 2425 1399 2490 Duebner
1422 2427 1538 2508 recepit
1563 2427 1639 2490 lraec
1670 2433 1826 2489 annotans
1856 2444 2055 2506 quurrrqrrom

295 2533 329 2593 iu
356 2532 413 2593 lior
442 2532 598 2612 scriptore
630 2551 731 2612 quos
763 2532 961 2614 qrronrodo
993 2533 1040 2594 ub
1074 2533 1167 2596 Ulia
1198 2539 1443 2602 retraxerat.
1477 2541 1519 2596 ut
1549 2535 1590 2596 in
1620 2553 1791 2616 acquum
1821 2533 2056 2597 deduceret.

293 2639 376 2721 ferri
396 2660 490 2720 posse
517 2639 562 2700 rei
585 2637 691 2699 dedere
716 2638 844 2700 nerrrini
867 2639 928 2700 erit
952 2638 1100 2701 circinum.
1158 2640 1249 2714 Quod
1276 2642 1401 2704 tametsi
1433 2641 1518 2704 troad
1542 2660 1637 2722 nego,
1667 2647 1772 2702 tanrerr
1804 2641 1965 2702 lenissima
1990 2658 2056 2701 cor·-

295 2747 434 2810 ractiono
464 2746 698 2808 incommodam
729 2745 794 2806 tolli
826 2746 933 2808 uratirn
963 2748 1233 2808 constructionem
1264 2753 1301 2809 ut
1323 2767 1401 2810 voce
1432 2749 1463 2809 iu
1497 2747 1542 2809 ito
1572 2753 1706 2828 mutata,
1737 2755 1772 2810 ut
1800 2747 1987 2830 respondeat
2012 2745 2056 2806 itu

295 2854 493 2916 antecedenti
514 2853 682 2934 prrourodo.
721 2853 806 2914 ldeur
832 2873 887 2934 pro
914 2855 1006 2927 miro,
1031 2873 1095 2935 qua
1119 2855 1254 2936 scriptor
1273 2855 1374 2916 utitur·
1392 2855 1425 2916 in
1446 2853 1635 2916 adhibendis
1655 2855 1898 2937 pronominibus
1917 2855 2057 2916 relativis

297 2961 437 3024 ubertate
457 2981 538 3042 piros
558 2963 711 3023 intortum
733 2959 979 3042 relinquendum
999 2967 1087 3022 ratus
1107 2960 1313 3023 scribendum
1332 2967 1409 3045 puto
1430 2983 1510 3044 qrros
1530 2961 1688 3043 prroruodo
1707 2960 1747 3023 uir
1773 2961 1846 3024 Utiu
1872 2965 2056 3026 retrorernt.

297 3069 341 3130 itu
367 3069 562 3150 increpitum
587 3067 766 3132 rierbmemt·
794 3067 846 3128 cir.
868 3069 924 3146 22,
949 3071 968 3130 4
988 3088 1061 3128 eum
1178 3067 1408 3149 eoruperisseut
1432 3069 1607 3148 tenuiorum
1629 3089 1784 3151 responso
1807 3069 1853 3132 itu
1877 3091 1943 3131 esse
1959 3075 2057 3149 fretcio.

295 3175 565 3256 rprernmimodum
593 3173 642 3235 ilii
666 3173 875 3235 rettulissent.

1123 3315 1181 3382 Vl.
1210 3321 1236 3381 1.

458 3442 503 3503 ito
528 3463 546 3504 a
555 3443 572 3502 d
598 3441 831 3522 sirarios-imum
852 3439 922 3499 eius¹
946 3439 1148 3521 prucridiurrr
1171 3441 1331 3522 ,ltepuam
1350 3443 1581 3525 proficiscitur:
1617 3443 1656 3505 ln
1673 3465 1754 3505 urrrn
1776 3444 1878 3506 ilisa.
1896 3447 1979 3508 rste
2000 3449 2058 3528 po

297 3549 526 3627 demonstrari,
547 3548 624 3610 illud
644 3548 699 3616 ort.
721 3548 805 3630 quod
828 3547 915 3610 deest
934 3548 966 3609 iu
987 3547 1165 3625 codicibus,
1185 3567 1224 3609 ex
1248 3567 1309 3610 usu
1328 3550 1489 3632 scriptoris
1509 3568 1577 3612 esso
1597 3549 1827 3632 supplendunr;
1854 3551 1936 3614 idenr
1953 3559 2057 3616 orrtenr

299 3657 387 3718 locus
411 3655 509 3718 altera
532 3655 647 3716 lacuna
670 3653 814 3716 laborare
839 3653 972 3716 unimur.
1020 3651 1146 3715 Etenim
1178 3674 1241 3736 quo
1266 3661 1384 3738 spectat
1408 3655 1502 3717 eius?
1551 3654 1630 3718 Cum
1656 3657 1811 3720 audacius
1835 3660 1889 3740 sit,
1920 3679 1958 3722 ex
1984 3659 2059 3722 sul-

297 3762 441 3844 soquenti
464 3761 629 3823 enuntiato
649 3759 823 3822 subaudire
850 3780 965 3823 nomen
987 3760 1128 3842 l’onrpei,
1149 3761 1347 3824 intercidisse
1368 3762 1494 3824 videtur·
1513 3769 1586 3826 ante
1605 3765 1798 3847 praesidium
1819 3787 1882 3828 vox
1903 3767 2058 3849 quaedum

297 3870 337 3933 ab
362 3869 480 3932 eisdem
506 3868 620 3930 litteris
645 3867 813 3948 incipiens.
838 3887 933 3950 quaur
958 3887 1026 3930 esse
1051 3869 1196 3950 suspicor
1220 3871 1463 3952 provinciae
1487 3872 1578 3934 nisus
1602 3871 1651 3935 his
1675 3872 1754 3935 locis
1778 3877 1807 3952 3,
1833 3875 1848 3936 1
1880 3871 2058 3936 Cordubam

299 3975 435 4042 terrebat.
464 3975 552 4056 rprrod
573 3973 643 4036 eius
672 3973 861 4055 pror-iuriae
884 3979 984 4056 caput
1007 3995 1072 4036 esse
1101 3973 1351 4038 eristi-irradietur
1374 3979 1407 4056 3,
1433 3981 1452 4039 4
1476 3976 1596 4058 peribus
1621 3979 1778 4060 praefecit
1801 3979 1964 4044 hominem
1989 3981 2060 4043 eiua

295 4082 485 4164 prorineiuo
517 4086 629 4144 notum
657 4084 690 4162 8,
714 4085 734 4144 4
758 4081 953 4163 oppidorum
987 4103 1104 4165 irrepere
1134 4101 1212 4164 prees
1242 4082 1313 4145 mers
1340 4083 1531 4166 prorirreiue
1562 4085 1727 4147 nrorrtidus
1757 4086 1823 4168 sore
1847 4089 1978 4151 rrrrrrrito
2002 4093 2057 4150 est.

299 4189 500 4252 Postremum
530 4195 591 4268 est,
622 4199 658 4252 ut
689 4187 803 4250 uddanr
832 4209 883 4251 ure
913 4209 977 4252 non
1010 4190 1120 4254 cedere.
1151 4193 1361 4273 argumentis,
1396 4191 1514 4273 quibus
1543 4190 1726 4274 Degeuhart
1750 4215 1779 4276 p.
1800 4195 1839 4258 21
1866 4215 1915 4257 ure
1945 4197 2060 4260 iniuria

300 4296 377 4359 illud
407 4296 450 4356 ud
477 4297 675 4380 supplevisse
707 4297 922 4359 demonstrare
953 4305 1086 4360 conatus
1117 4305 1171 4359 est.
1226 4297 1390 4381 Exemplis
1421 4300 1520 4366 eninr,
1552 4298 1671 4381 quibus
1702 4321 1780 4364 usus
1808 4307 1867 4382 est,
1898 4321 1963 4365 renr
1996 4323 2058 4365 non

299 4404 411 4486 attigit.
459 4403 603 4476 Accedit,
629 4404 713 4486 quod
739 4404 835 4466 huius
859 4406 1103 4488 praepositionis
1127 4407 1365 4468 amantissimus
1389 4411 1435 4468 est
1459 4407 1594 4489 scriptor
1617 4405 1652 4471 B.
1673 4406 1721 4482 H,
1747 4429 1808 4490 qua
1834 4411 1872 4472 de
1895 4429 1929 4472 re
1954 4411 2062 4472 confer·

301 4509 440 4573 Koelrler
463 4530 491 4592 p.
517 4512 567 4573 67.

1125 4653 1184 4734 rr,
1209 4657 1237 4719 2.

462 4775 503 4838 ld
520 4797 593 4838 curu
609 4776 782 4858 Pompeius
801 4799 839 4840 er
856 4777 1005 4860 persipis
1026 4777 1170 4841 rea-risset
1187 4801 1252 4860 ipro
1272 4779 1322 4840 die
1338 4779 1524 4860 siu-ultutem
1545 4785 1575 4842 ot
1592 4780 1764 4862 orrpustius
1782 4803 1876 4845 riorro
1894 4785 2060 4866 courplaru

304 4884 421 4945 inuidis
445 4883 581 4945 initiatos
606 4885 741 4946 retranit
771 4885 866 4948 etad
892 4884 1074 4947 Cordubam
1096 4907 1129 4948 se
1154 4886 1278 4969 recipit.
1335 4885 1437 4961 Quem
1465 4887 1572 4950 locum
1601 4895 1636 4950 ut
1664 4889 1866 4953 emendarem
1895 4909 1968 4953 oum
1999 4893 2060 4954 iarn

245 5047 246 5050 ,
302 4990 390 5072 prius
414 4993 504 5069 (urire.
532 4989 633 5053 illisu.
664 4993 747 5054 1879
771 5012 800 5075 p.
822 4995 875 5072 67)
899 5011 1025 5075 operam
1050 5013 1231 5070 narrassem,
1262 5013 1311 5056 me
1335 5013 1456 5056 errasse
1479 5001 1589 5077 postea
1611 4997 1769 5076 intellexi,
1794 4997 1849 5079 qui
1874 4995 2060 5080 Pompeium

303 5096 334 5156 in
360 5098 471 5158 castris
502 5101 575 5160 ante
606 5095 785 5160 Cordubam
811 5099 997 5162 difficultate
1029 5101 1152 5162 viarum
1183 5103 1309 5182 cognita
1339 5102 1530 5164 remansisse
1557 5106 1646 5164 ratus
1677 5103 1820 5166 Caesaris
1850 5105 2062 5187 persequendi
