4510 5930
335 467 378 529 22

336 644 519 727 scriptorem
539 641 574 704 B.
592 641 631 706 Η,
648 641 731 704 haud
758 661 828 704 roro
855 641 938 704 idem
963 639 1134 724 significet,
1157 645 1254 724 etque
1274 639 1392 702 nn'lites
1412 643 1441 720 3,
1461 643 1480 704 9
1500 639 1730 704 existimabant
1749 639 1847 724 prolre
1868 660 1985 722 nrapna
2008 659 2103 723 pars

338 749 525 827 lionn'nurn,
556 749 615 833 qui
646 749 679 810 in
712 747 764 810 ln's
794 747 910 811 eastris
937 747 1089 830 fuissent.
1141 751 1195 818 13,
1220 749 1239 812 6
1270 746 1336 828 {ere
1359 767 1478 829 mapua
1505 767 1587 829 purs
1610 746 1797 824 ioannem,
1828 746 1888 830 qui
1917 745 2105 808 industres

339 857 459 922 noslris
487 861 605 931 essent,
637 877 702 918 non
734 854 928 918 dubitarunt
952 857 1052 932 30,4
1090 853 1182 930 licead
1210 875 1283 918 anm
1314 853 1488 917 leonn'uurn
1513 854 1543 938 [i.
1568 873 1593 918 e.
1618 855 1754 918 militum
1780 855 1812 918 in
1837 855 1904 918 soie
1927 851 2105 936 stantium]

337 965 475 1028 auritus
499 969 578 1027 esset
600 962 768 1028 oln'eelum.
816 962 929 1047 ltaque
953 961 1099 1026 leondnes
1124 961 1312 1044 vertendum
1336 967 1383 1024 est
1406 961 1493 1024 seina
1519 960 1627 1025 Lente.

1154 1139 1226 1220 XL,
1251 1142 1280 1204 o.

500 1267 655 1332 nonnulli
676 1289 712 1328 ea
733 1288 846 1350 pneJna
869 1267 1019 1350 seuplras,
1044 1287 1126 1348 perae
1148 1265 1191 1328 ad
1213 1264 1292 1328 litus
1313 1265 1463 1348 fererant,
1495 1269 1667 1347 ooortpanl,
1700 1265 1775 1327 item
1802 1263 1956 1327 nornndli
1979 1265 2038 1348 lest
2067 1265 2103 1327 in

338 1376 434 1463 TLal
459 1376 639 1458 eornplures
664 1375 771 1440 rearedo
794 1375 837 1437 ad
860 1395 966 1447 risores,
991 1393 1073 1455 perae
1093 1373 1127 1434 in
1147 1373 1215 1436 salo
1234 1373 1377 1455 luerunt,
1401 1394 1435 1436 se
1453 1372 1626 1456 recipiunt.
1662 1371 1788 1436 Delevit
1808 1372 1911 1434 Aldus
1931 1371 2104 1448 rronuulli.

341 1483 426 1570 ‹puod
452 1483 540 1545 deest
562 1484 596 1546 in
615 1483 736 1567 aliquot
756 1481 935 1558 eodioibuS,
959 1488 1086 1564 propter
1109 1482 1296 1564 insequere,
1320 1487 1357 1544 ut
1379 1479 1514 1562 ridetur,
1537 1481 1726 1563 eornplares.
1767 1479 1828 1544 Sed
1848 1479 2022 1544 tenendum
2040 1488 2105 1557 est,

340 1589 520 1672 eorrrplares
545 1598 651 1653 autem
669 1597 716 1653 est
735 1588 995 1672 coniungendom
1016 1607 1087 1650 oum
1107 1609 1204 1650 nares
1224 1607 1241 1650 e
1260 1588 1422 1670 scriptoris
1441 1588 1672 1651 consuetudine
1691 1587 1856 1650 nonnullis
1876 1586 1982 1650 verbis
2001 1589 2104 1650 inter-

341 1698 451 1780 positis
474 1719 491 1760 u
516 1698 714 1762 substantivo
739 1699 892 1776 seiunotO,
917 1715 981 1779 que
1004 1693 1043 1758 de
1066 1693 1298 1758 consuetudine
1322 1694 1375 1756 cfr.
1396 1714 1506 1776 propr.
1530 1693 1631 1757 ilisa.
1656 1692 1951 1774 nnooonxxm,
1975 1713 2003 1776 p.
2024 1697 2051 1756 4.

1149 1871 1238 1953 rm,
1267 1877 1291 1936 r.

505 2001 627 2064 Fuluus
653 1999 830 2077 ilnm'mus,
855 2019 948 2080 petrem
973 1998 1016 2060 ud
1040 1997 1199 2060 ilurnlarn
1223 1996 1427 2079 praesidinm
1452 1998 1713 2080 oppapnaadum
1737 1997 1923 2081 reliquerat,
1948 1997 2101 2080 operibus

342 2107 487 2171 assidnis
511 2107 683 2188 lurrn'spue
712 2105 749 2188 [L
774 2106 860 2183 Sirok
892 2106 1000 2168 turreis
1023 2104 1088 2182 TL3
1124 2105 1234 2168 iuncis
1258 2104 1297 2180 Ἐς
1331 2105 1464 2168 diurnis
1490 2105 1609 2172 Petne:
1643 2111 1672 2168 et
1698 2104 1831 2167 diurnis
1859 2104 1897 2188 V]
1921 2105 2043 2168 einum
2066 2127 2101 2166 se

344 2214 515 2278 interclusi
539 2215 626 2276 inter
647 2233 680 2274 se
698 2213 862 2274 decernere
883 2211 969 2295 suala
989 2214 1079 2276 eaede
1098 2213 1173 2276 dene
1193 2234 1312 2295 nropna
1330 2213 1469 2294 sariunt.
1510 2212 1692 2276 Certissima
1710 2219 1757 2274 est
1777 2210 1899 2275 Dinteri
1920 2213 2101 2275 coniectura

344 2327 375 2384 et
399 2324 527 2405 elegans
550 2319 695 2382 assiduis
718 2318 851 2382 diurm's
876 2320 1122 2402 noeturnisqne,
1153 2321 1192 2384 od
1223 2340 1318 2404 quom
1348 2321 1542 2384 luleiendom
1572 2320 1650 2382 mihi
1675 2320 1767 2382 liceat
1798 2319 1914 2382 addere
1944 2317 2098 2381 Frontin.

343 2450 419 2510 arpi.
445 2433 506 2494 104
530 2427 681 2490 salientes
704 2426 930 2490 assiduissinu
961 2427 1105 2490 interdiu
1135 2433 1164 2491 et
1193 2432 1301 2491 reoetn.
1356 2428 1394 2491 ln
1424 2429 1578 2511 proximis
1609 2435 1715 2490 utitem
1747 2425 1786 2490 ab
1818 2445 1855 2490 eo
1885 2427 1969 2489 haurd
2000 2445 2103 2509 psuoa

346 2537 511 2618 supplente
536 2536 633 2599 rerba
656 2535 815 2614 dissentiu
840 2537 1037 2618 quippequi
1057 2555 1121 2598 uua
1140 2541 1263 2599 tantum
1288 2535 1413 2616 syllaba
1436 2536 1544 2599 additu
1567 2543 1599 2598 et
1616 2533 1796 2597 diseordum
1815 2534 1982 2611 infinitivo,
2006 2553 2102 2616 qoem

346 2663 419 2704 eom
444 2641 635 2726 Nipperdeio
659 2661 715 2725 pro
738 2640 901 2703 decernere
924 2641 1126 2705 scribendum
1152 2661 1221 2704 esse
1244 2649 1330 2724 poto,
1360 2643 1465 2705 locum
1490 2641 1650 2706 emendari
1673 2661 1766 2724 posse
1789 2641 1866 2704 mihi
1891 2641 2100 2725 persuaserim

346 2750 391 2812 itu
414 2749 615 2833 distinguens
637 2747 759 2810 llrln'us
780 2797 785 2809 .
807 2797 812 2809 .
833 2800 839 2812 .
860 2800 866 2811 .
886 2747 1036 2830 operibns
1059 2747 1203 2810 assiduis
1222 2747 1354 2809 eliurnis
1379 2747 1612 2829 nocturnisque
1634 2748 1791 2811 eirenrnse
1800 2749 1855 2812 dit
1875 2748 1929 2832 [sc.
1949 2747 2101 2811 Mundam

346 2855 562 2940 praesidiunr].
615 2855 790 2917 lntrrelnsi
815 2853 900 2916 inter
924 2875 958 2916 se
980 2853 1180 2917 discordare:
1212 2854 1298 2936 faeta
1329 2855 1419 2918 annu
1447 2855 1523 2918 berre
1553 2877 1669 2936 rnapna
1694 2857 1948 2940 eruptionem
1973 2854 2104 2938 sariunt

349 2965 401 3048 [ex
421 2963 640 3028 emendatione
659 2960 805 3044 Dinteri].
833 2961 1034 3024 Simillimum
1058 2971 1248 3024 structorum
1269 2963 1313 3024 itu
1332 2964 1550 3040 earistitutum,
1575 2974 1609 3026 ut
1635 2963 1766 3027 terbum
1786 2963 1912 3028 tinitum
1932 2963 2103 3044 asyndetus

348 3073 486 3155 excipiat
508 3070 687 3134 infinitivus
712 3070 895 3148 historicus,
918 3069 999 3152 logis
1024 3071 1079 3150 23,
1103 3073 1123 3132 4
1149 3067 1222 3150 lpse
1245 3069 1350 3131 eodem
1376 3070 1428 3153 [ex
1453 3069 1596 3154 cupient]
1621 3075 1760 3154 ternpore
1783 3092 1929 3140 euertere,
1954 3071 2053 3132 sienne
2079 3069 2101 3147 t·

350 3184 378 3242 et
403 3179 544 3242 nardum
567 3176 741 3240 identidem
765 3176 830 3238 siln'
853 3175 1015 3258 infundit.
1108 3168 1110 3176 ’

1156 3337 1245 3418 xm,
1270 3342 1298 3402 e.

510 3463 586 3526 Hae
608 3463 777 3544 araedelrut,
804 3470 841 3527 at
862 3485 949 3546 aprio
968 3469 1198 3546 praeterquam
1223 3464 1257 3526 in
1284 3465 1355 3546 ipso
1379 3465 1496 3546 oppido
1521 3485 1600 3526 nam
1623 3466 1705 3548 [urm
1731 3463 1763 3546 p]
1788 3463 1997 3526 eireumeirea
2021 3485 2101 3525 irris-

352 3593 451 3654 puarn
476 3571 679 3653 reperiretur.
728 3572 820 3649 Inde,
851 3573 935 3656 quod
961 3591 1070 3636 omnes
1094 3572 1167 3634 boni
1200 3571 1323 3634 oodioes
1349 3570 1464 3634 hubent
1489 3592 1576 3652 teani,
1611 3571 1634 3634 F
1657 3577 1761 3635 utitem
1788 3573 2104 3654 eerre1‚sequit11r‚ut

352 3680 446 3742 licent
468 3680 623 3762 suspicari
653 3680 685 3740 io
717 3681 888 3762 archetypo
916 3680 1015 3742 luisse
1047 3699 1163 3758 terram,
1197 3699 1259 3761 quio
1288 3680 1320 3741 ia
1355 3687 1503 3762 oorrnptn
1528 3699 1603 3743 voce
1630 3680 1725 3742 lutere
1756 3687 1831 3762 puto
1863 3687 2044 3742 trumutum
2069 3677 2102 3738 iu

353 3805 494 3869 carrrpo,
519 3785 571 3850 afr.
592 3788 643 3859 27,
668 3789 687 3849 6
711 3786 747 3846 in
772 3807 927 3868 eampum
951 3785 1165 3848 ,ilrrrrdensem
1189 3805 1264 3847 erem
1287 3790 1367 3848 esset
1392 3791 1533 3848 rentum.

1152 3962 1258 4039 XLII,
1283 3968 1311 4026 t).

515 4087 562 4151 Ae
586 4088 643 4172 [sio
667 4089 810 4172 plerique
833 4089 971 4162 codicem
997 4087 1067 4150 Hae
1089 4087 1179 4152 TFV:
1210 4088 1225 4149 l
1230 4089 1251 4149 ll
1275 4087 1303 4150 D
1328 4089 1418 4171 corrui
1444 4089 1619 4170 l'mnpeins
1642 4090 1665 4154 i
1688 4090 1732 4152 ad
1753 4089 1909 4172 oppidum
1935 4109 2104 4173 oppnpna-

357 4197 478 4258 tionem
502 4195 654 4258 tutiorem
682 4195 834 4278 efficeret,
863 4216 992 4258 ormam
1021 4195 1184 4258 nrateriem
1215 4196 1337 4257 u'ruau
1369 4195 1526 4278 oppidani
1551 4196 1710 4259 sneeisam
1737 4197 1824 4260 intro
1847 4198 2014 4279 errrrpessil.
2063 4197 2109 4257 rte

357 4304 542 4388 perticulam
567 4306 599 4366 in
625 4305 726 4387 eapite
750 4304 906 4366 enuntiati
931 4309 1090 4366 exaratam
1116 4323 1178 4366 non
1204 4324 1297 4387 posse
1321 4305 1393 4366 ferri
1419 4323 1457 4366 ex
1479 4304 1525 4366 eis
1544 4303 1741 4386 intelligitur,
1766 4323 1846 4386 quise
1866 4305 1898 4366 in
1919 4305 2109 4387 praelatione

358 4410 453 4473 huius
477 4410 575 4472 libelli
600 4411 743 4494 exposui.
790 4409 1001 4494 Nipperdeios
1025 4411 1205 4493 suspicatus
1229 4419 1276 4473 est
1300 4409 1387 4472 dam
1412 4409 1589 4492 Pompeius
1613 4420 1684 4483 eto.;
1710 4411 1841 4473 traditas
1865 4419 1969 4474 autern
1991 4413 2109 4476 litteras

358 4517 584 4600 scriptorisque
613 4519 876 4581 consuetudinem
907 4517 959 4580 leie
982 4525 1012 4580 et
1040 4517 1104 4578 liae
1134 4517 1293 4580 adverbiis
1325 4517 1486 4580 liberrimo
1517 4519 1648 4594 utentis,
1680 4538 1742 4600 qua
1767 4517 1805 4579 de
1835 4536 1867 4580 re
1894 4518 2003 4580 oonter
2025 4521 2057 4582 b.
2082 4519 2109 4580 ⁵2.

361 4627 389 4702 6,
408 4627 437 4688 4.
465 4628 514 4703 rt,
534 4627 562 4688 3.
586 4627 637 4703 25,
657 4629 678 4688 4
697 4627 798 4688 multo
817 4626 977 4705 elisione,
1000 4627 1173 4708 respiciens
1193 4643 1255 4686 non
1277 4623 1388 4687 dubito
1408 4627 1564 4708 corrigere
1585 4624 1660 4687 Hae
1679 4623 1854 4707 Pompeius
1874 4633 1930 4690 ete.
1962 4625 2112 4689 Proximo

360 4731 457 4795 verbu
476 4739 581 4795 autem
602 4732 705 4795 adhue
725 4733 869 4816 indigent
888 4739 973 4795 oerts
991 4731 1220 4795 emendatione.
1250 4731 1421 4814 Nipperdei
1442 4733 1525 4795 enirn
1547 4732 1625 4795 iilud
1648 4736 1685 4793 ut
1702 4731 1858 4814 oppida-m
1878 4731 1922 4793 ad
1938 4753 2108 4815 appupna-

362 4839 481 4901 tionem
506 4837 611 4900 inlitis
634 4840 783 4921 efficeret,
810 4859 1003 4923 quamquam
1028 4859 1061 4903 re
1085 4847 1131 4902 est
1155 4839 1369 4922 aptissimum,
1394 4847 1496 4901 tumea
1522 4839 1691 4904 nirdaoius.
1722 4859 1817 4920 quam
1843 4839 1950 4902 verius
1974 4840 2112 4904 ridetur:

362 4965 466 5028 neque
496 4947 590 5023 aliae,
622 4966 703 5028 quae
733 4950 910 5031 propositae
941 4953 1016 5010 sunt
1046 4947 1085 5009 ab
1109 4948 1180 5010 aliis
1210 4946 1460 5023 oniondutiooes,
1491 4945 1688 5008 sotisioeiuot
1719 4945 1867 5008 omnibus
1898 4967 1938 5010 ex
1962 4947 2113 5030 partibus,

362 5071 466 5134 neque
487 5052 628 5116 Oberlini
648 5057 686 5115 nt
708 5054 823 5136 oppidi
840 5053 1117 5143 oppupnutionem
1141 5054 1307 5122 lentiorem
1331 5053 1479 5143 eslii-eret,
1506 5073 1610 5144 nequo
1629 5052 1729 5122 Koehi
1750 5053 1985 5146 impeditiorem
2010 5072 2113 5134 ireque

363 5179 433 5224 mee
457 5159 639 5228 tardiorem.
