4510 5930
298 475 318 536 2

299 651 468 714 invenitur.
523 649 608 724 Quid
640 649 725 732 quod
757 669 797 712 ne
826 649 885 712 hoe.
916 668 980 710 nno
1011 647 1138 731 quidem
1172 648 1240 710 loeo
1274 647 1421 710 meliores
1451 645 1575 710 oodiees
1606 625 1712 709 eundi
1743 647 1875 709 eandem
1909 646 2062 709 exhibent

299 757 486 840 scripturam
517 757 578 836 Ar,
611 778 684 819 nam
707 753 788 818 Trv
813 755 930 818 habent
961 753 1040 816 Hor.
1093 753 1158 817 Ex.
1174 773 1238 836 qao
1267 754 1337 816 illas
1366 755 1565 816 oonieotnras
1595 761 1677 816 stare
1706 773 1770 814 non
1800 773 1893 837 posse
1923 763 2060 836 apparet.

299 863 386 925 idern
411 864 461 924 rir
484 863 596 926 dootus
619 864 697 926 mihi
721 862 891 946 persuasit,
915 880 1076 944 perperam
1103 880 1153 924 me
1177 861 1211 922 in
1233 879 1313 922 corn.
1337 859 1440 922 Misit.
1462 861 1536 922 anni
1563 859 1845 924 MDCCCLXXVI
1870 881 1898 944 p.
1918 863 1961 924 22
1986 863 2061 924 seri-

300 969 439 1032 bendnm
459 971 663 1052 proposuisse
682 967 734 1031 dli
752 989 808 1052 pro
832 967 928 1045 (dolii,
949 987 1012 1050 quo
1031 968 1218 1050 pronomine
1236 974 1267 1029 et
1286 967 1430 1030 absolute
1447 975 1479 1030 et
1497 969 1654 1031 contrarie
1672 969 1776 1051 posito
1796 969 1960 1051 exemplis,
1980 989 2061 1052 quae

299 1075 426 1156 collegit
444 1075 614 1138 Preussius
639 1077 722 1138 inter
745 1094 779 1136 se
803 1076 925 1138 collatis
949 1095 966 1137 a
991 1075 1143 1156 scriptore
1167 1075 1327 1136 neminem
1352 1073 1523 1156 significari
1548 1075 1695 1157 perspexi
1720 1075 1782 1136 nisi
1801 1075 2013 1139 odrersorios.

460 1181 507 1244 Ita
531 1181 649 1244 foetum
675 1189 735 1262 est,
759 1190 794 1243 nt
818 1181 882 1244 illis
907 1180 996 1242 libris
1020 1179 1150 1242 adiutus
1174 1199 1237 1242 non
1263 1199 1387 1264 possem
1408 1200 1471 1242 non
1491 1181 1688 1264 intellegere,
1712 1202 1784 1244 dum
1804 1183 1898 1253 aiios,
1923 1189 2061 1247 tumme

300 1290 404 1371 ipsum
437 1291 468 1350 in
500 1289 698 1352 enrendando
727 1288 811 1350 hand
842 1307 913 1350 raro
943 1289 1106 1350 erravisse.
1160 1287 1305 1366 Accedit,
1335 1287 1421 1370 quod
1449 1294 1480 1350 et
1507 1287 1575 1369 ipse
1602 1307 1660 1378 per
1687 1289 1745 1350 hos
1773 1291 1937 1372 proximos
1961 1311 2061 1354 annos

301 1415 465 1477 rmnqnam
492 1395 674 1458 destiteram
698 1396 779 1457 miro
804 1395 851 1456 illi
881 1393 975 1460 libro,
1007 1393 1113 1476 quoad
1143 1413 1283 1476 possem,
1313 1412 1439 1476 operam
1469 1395 1643 1476 impertire,
1672 1405 1707 1458 nt
1736 1404 1767 1458 et
1790 1397 1947 1459 nonnulla
1970 1418 1987 1460 a
2011 1417 2062 1464 me

299 1509 390 1566 antea
415 1509 533 1565 tentata
558 1502 663 1566 denuo
688 1508 821 1565 tractare
845 1521 975 1584 cogerer
998 1508 1029 1564 et
1053 1501 1136 1564 haud
1161 1521 1261 1583 panea
1286 1520 1370 1563 nora
1388 1519 1438 1563 me
1458 1501 1573 1563 addere
1596 1521 1689 1583 posse
1713 1521 1881 1584 sperarem.
1914 1502 2062 1586 Namque

299 1609 377 1671 adeo
401 1627 466 1670 non
491 1629 540 1672 me
564 1611 720 1672 erravisse
743 1608 897 1692 pudebat,
926 1615 961 1670 nt
985 1627 1092 1670 menni
1121 1626 1189 1670 osse
1219 1607 1388 1669 arbitrarer
1412 1615 1442 1670 et
1466 1607 1504 1669 ab
1530 1609 1601 1670 aliis
1626 1608 1702 1672 mihi
1728 1609 1809 1670 datis
1833 1617 1863 1672 et
1888 1630 1970 1692 qnae
1995 1612 2061 1694 ipse

300 1717 376 1777 mitri
402 1735 545 1798 pararem
570 1716 722 1779 subsidiis
748 1717 868 1791 nisum,
893 1735 973 1798 qnos
997 1721 1051 1777 ant
1075 1735 1092 1776 a
1117 1733 1167 1776 me
1192 1714 1303 1776 aliisve
1328 1733 1393 1776 non
1417 1723 1501 1778 reete
1525 1715 1709 1778 emendatos
1729 1735 1798 1779 esse
1822 1723 1876 1779 aut
1900 1717 2005 1780 adhue
2028 1720 2059 1780 in

301 1822 398 1884 libros
427 1831 592 1905 correptos
620 1823 810 1885 remansisse
838 1823 925 1884 locos
954 1841 1142 1903 persuasum
1171 1820 1334 1891 haberem,
1364 1821 1403 1883 de
1432 1823 1554 1904 integro
1583 1825 1767 1885 examinare
1791 1829 1820 1885 et
1851 1825 1928 1906 qnid
1954 1825 1992 1887 de
2016 1827 2061 1888 eis

300 1929 471 1992 iudiearem
497 1949 681 2012 proponere.
1607 1919 1609 1926 ’

459 2035 497 2098 In
522 2035 739 2118 significandis
764 2035 927 2098 oodioibns
952 2037 997 2098 eis
1022 2055 1100 2097 usos
1124 2055 1195 2098 sam
1222 2036 1348 2103 litteris.
1373 2035 1491 2118 quibus
1515 2056 1593 2099 usas
1618 2045 1665 2100 est
1689 2036 1847 2100 Dnebner.
