4510 5930
965 645 1097 730 XXIX,
1121 651 1150 712 4.

339 762 378 820 nt
400 757 487 820 lones
512 757 568 820 itta
587 755 729 840 planitie
751 755 934 838 aqnitatrnn
963 755 1146 840 [eqrnTtatern
1169 754 1208 834 L,
1233 755 1316 818 unde
1339 755 1550 838 Nipperdcius
1577 753 1783 837 sanititatem]
1808 758 1938 818 certaret

181 865 333 948 [errororat
356 863 491 948 Krancr]
516 869 546 926 et
567 864 633 928 diei
654 863 795 945 solisque
817 861 1035 940 serenitatem,
1060 867 1098 924 nt
1129 869 1185 926 etc.
1240 859 1425 944 Corruptela
1454 861 1603 924 facillime
1626 861 1749 924 tollitur
1772 860 1937 924 scribendo

180 976 218 1033 nt
241 972 328 1034 tarin-
351 971 409 1034 illa
430 970 571 1053 planitie
593 969 754 1053 nequitate
782 973 967 1032 ornaretur
995 972 1025 1030 et
1053 967 1119 1030 diei
1140 967 1280 1050 sotisqne
1308 966 1491 1039 serenitate,
1522 975 1558 1030 ut
1576 966 1719 1050 planitie
1746 967 1938 1030 sumendum

181 1079 222 1140 sit
245 1099 301 1161 pro
324 1079 472 1162 genetivo
496 1078 550 1142 cfr.
569 1076 636 1140 acie
655 1076 741 1141 Caes.
761 1075 802 1140 B.
819 1077 857 1138 (ι’.
872 1078 901 1157 2,
921 1077 972 1139 23.
992 1074 1032 1137 B.
1053 1074 1127 1156 Ait.
1150 1077 1201 1156 51,
1222 1077 1249 1138 [i.
1274 1073 1324 1137 dic
1343 1073 1382 1136 B.
1408 1074 1446 1136 (t.
1471 1079 1569 1156 7,11.
1593 1073 1632 1136 B.
1660 1073 1691 1137 (Ὺ.
1717 1078 1743 1150 1,
1770 1078 1819 1138 14.
1843 1075 1872 1154 3,
1888 1077 1938 1139 76.

182 1185 313 1249 ›nar-nto
337 1185 376 1248 a.
404 1186 442 1248 n.
466 1191 494 1267 7,
518 1187 569 1249 83.
615 1185 781 1248 Pertincrrt
804 1191 910 1246 antem
939 1182 1036 1246 verba
1064 1181 1120 1244 iltn
1146 1181 1287 1264 pitanitir
1313 1181 1473 1263 aeqtn'tntr
1496 1182 1536 1244 ad
1560 1200 1609 1264 aa,
1643 1201 1725 1264 quae
1747 1182 1842 1265 paulo
1866 1189 1939 1246 ante

182 1299 257 1358 sunt
280 1294 377 1358 relata
404 1292 520 1356 (tneor
543 1343 549 1356 .
569 1343 576 1356 .
596 1345 602 1358 .
626 1313 694 1356 non
718 1291 833 1355 tecirnit
855 1289 1007 1368 dirin'nnr,
1031 1289 1114 1372 qrre’rr
1137 1288 1243 1351 irradia
1262 1287 1403 1370 planitie
1425 1288 1463 1350 in
1487 1309 1628 1371 aeqnnan
1650 1289 1693 1352 nd
1714 1288 1939 1352 dirnieandnnr

180 1400 362 1464 adr-arsatii
387 1401 603 1482 praeataent.
666 1399 787 1462 Eadem
815 1399 877 1462 loci
906 1396 1137 1480 significatione
1164 1395 1356 1478 praeditum,
1391 1415 1472 1477 quae
1500 1396 1584 1478 apud
1611 1397 1751 1478 nullum,
1784 1403 1940 1480 quantum

181 1509 261 1588 scio,
285 1509 384 1572 alium
406 1507 524 1591 legitur
547 1508 732 1590 scriptorem
754 1507 903 1586 latinum,
930 1503 1013 1567 infra
1039 1504 1120 1587 legis
1149 1502 1323 1586 aequitatis
1352 1502 1484 1566 verbum
1516 1502 1687 1566 intactam
1709 1502 1856 1586 (seqaritas
1880 1502 1941 1566 lori

181 1615 383 1678 neten-sarias
406 1613 619 1698 estiapitalrat,
646 1619 683 1676 nt
706 1613 765 1677 toli
787 1612 973 1676 rnrtaedirione
996 1611 1222 1674 contenderent
1243 1611 1286 1673 ad
1311 1609 1486 1674 ricton-ianr.

968 1807 1102 1889 xxm,
1126 1811 1154 1871 e.

342 1937 457 2001 Nostri
480 1936 606 2016 lactari,
631 1936 788 1999 notnrntli
810 1935 908 1998 etanta
932 1933 1056 2014 tianae,
1081 1933 1167 2016 qnod
1190 1932 1226 1994 in
1250 1952 1323 1994 enm
1348 1932 1452 1994 tocnnn
1476 1951 1525 1993 res
1548 1931 1763 2014 tartareaeque
1789 1932 1941 1995 omniunt

182 2045 421 2125 iiedaeerantar,
445 2050 485 2107 nt
502 2044 664 2128 quidquid
682 2049 758 2126 post
780 2043 894 2106 irorata
913 2062 1008 2104 casas
1028 2039 1203 2118 irrisisset,
1228 2039 1265 2101 in
1284 2038 1381 2102 dnbio
1396 2043 1581 2120 portaretur.
1611 2038 1718 2103 Verba
1731 2043 1809 2122 post
1826 2039 1939 2102 norant

184 2173 257 2216 cum
277 2172 382 2237 neque
401 2154 477 2237 ipse,
497 2152 574 2236 quid
595 2151 819 2236 significarent,
839 2149 1077 2230 intellexissem,
1095 2166 1201 2229 neque
1221 2148 1392 2230 quisquam
1410 2166 1452 2209 ex
1470 2145 1653 2228 editoribus,
1674 2145 1941 2229 quemadmodum

184 2281 221 2324 ea
239 2261 380 2344 intillegi
398 2260 495 2323 vellet
513 2259 686 2336 docuisset,
705 2259 811 2322 locum
831 2257 1037 2340 depravatum
1057 2262 1145 2318 ratus
1163 2255 1197 2316 in
1213 2273 1321 2336 propr.
1339 2252 1540 2322 Mr'snreio
1554 2273 1583 2337 p.
1600 2256 1638 2318 19
1654 2273 1719 2336 seq.
1737 2252 1940 2323 scribendum

184 2369 335 2450 proposui
360 2372 437 2450 post
468 2367 614 2430 littoreae.
668 2365 859 2449 Nuperrime
889 2371 995 2428 autem
1020 2363 1164 2427 venitin
1188 2368 1339 2440 mentem,
1369 2369 1400 2424 et
1423 2361 1463 2424 ad
1493 2379 1599 2443 rerum
1630 2380 1813 2424 connexum
1842 2369 1873 2425 et
1902 2361 1941 2424 ud

184 2475 316 2538 traditos
340 2475 456 2538 ductus
484 2476 589 2558 aptius
613 2473 708 2536 scribi
730 2477 769 2535 nt
792 2471 954 2555 quidquid
977 2471 1096 2553 potior
1123 2445 1193 2532 iani
1225 2489 1320 2532 cosas
1351 2467 1524 2530 tritniissct.
1570 2467 1762 2532 Baurnstark
1785 2467 1943 2532 autemsi

184 2583 229 2645 ira
251 2583 347 2645 vertit
381 2580 443 2643 Die
465 2581 602 2643 nreisten
631 2579 670 2640 in
698 2578 830 2642 Caesare
853 2577 954 2640 Hecre
982 2597 1092 2640 ettnren
1119 2575 1260 2638 dariiiter
1285 2574 1346 2636 roll
1364 2573 1527 2653 Freriden,
1551 2574 1655 2658 et'rn'pe
1677 2573 1753 2637 aber
1774 2574 1857 2637 aneia
1880 2574 1944 2636 rati

185 2687 323 2768 tim-eta,
348 2689 388 2751 dn
408 2688 495 2770 jeai
517 2688 574 2750 dns
601 2687 765 2750 Settirlsai
786 2687 864 2749 atior
886 2684 954 2768 atis
971 2684 1075 2748 cinetn
1099 2683 1227 2745 Per-ntia
1249 2683 1342 2761 steine,
1367 2681 1498 2744 *rarletter
1520 2680 1733 2746 ‘ritibestr'nrmt
1756 2682 1850 2761 insse,
1877 2701 1943 2744 ans·

185 2797 267 2860 nnete
288 2796 377 2858 citrei·
397 2795 522 2858 rS'tnnrlr
544 2795 616 2856 erin
638 2795 749 2874 narde,
774 2795 835 2856 hoc
853 2813 918 2856 non
938 2799 986 2856 est
1005 2799 1141 2871 vertere,
1165 2790 1220 2854 sed
1244 2789 1399 2852 hariolari.
1437 2789 1597 2852 Potiorenr
1621 2795 1727 2854 auteur
1751 2789 1944 2852 carnariam

185 2925 204 2967 a
225 2903 353 2966 fortuna
376 2903 532 2966 tributum
556 2923 625 2965 esse
647 2923 721 2986 pars
746 2901 1006 2964 Caesarianorurn
1030 2901 1109 2962 falso
1132 2905 1313 2982 putaverat,
1339 2903 1543 2980 speraverant
1566 2898 1664 2976 eninr,
1687 2897 1823 2976 hostem,
1848 2915 1942 2978 quern

186 3013 218 3074 in
244 3012 312 3074 acie
335 3018 470 3074 starrterrr
496 3009 654 3090 viderant,
684 3011 717 3071 irr
742 3009 906 3092 planitiem
934 3026 1003 3070 esse
1027 3006 1269 3084 descensurum,
1297 3023 1395 3086 seque
1419 3023 1460 3066 ex
1483 3005 1645 3088 superiore
1670 3004 1739 3066 loco
1762 3003 1854 3066 facile
1877 3002 1944 3065 foro

186 3119 373 3201 superiores.
421 3115 510 3192 Quae
533 3136 605 3200 spes
629 3135 682 3180 eos
706 3116 831 3193 fefellit,
862 3115 1049 3198 Pompeiani
1072 3114 1157 3176 enirn
1181 3133 1254 3175 cum
1278 3112 1384 3174 losum
1408 3113 1604 3194 superiorem
1626 3131 1691 3174 non
1718 3111 1944 3194 relinquerent,

187 3225 303 3289 Caesar
321 3226 388 3308 ipse
412 3225 541 3307 signum
565 3223 652 3286 dedit
673 3223 880 3306 procedendi,
905 3229 941 3285 nt
962 3223 1023 3305 ipsi
1048 3223 1080 3284 in
1100 3221 1290 3303 iniquiorem
1312 3220 1416 3282 lucum
1436 3219 1626 3282 descendere
1645 3223 1840 3302 cogerentur.
1875 3215 1945 3292 Qua

187 3352 220 3394 re
242 3332 362 3394 fuctum
386 3339 446 3411 est,
472 3338 506 3394 ut
530 3331 679 3392 nonnulli
702 3349 791 3412 spenr
814 3349 904 3392 suam
929 3329 1135 3391 certissimam
1161 3328 1344 3390 frustratam
1367 3345 1437 3389 esse
1461 3331 1678 3408 quererentur.

974 3521 1105 3606 xxrrr,
1130 3526 1157 3588 c.

346 3654 383 3715 in
408 3672 471 3735 qno
494 3651 559 3713 sr'ln'
577 3671 679 3734 prope
702 3671 838 3712 nnnnrn-
864 3648 1060 3712 ndrersarr'is
1090 3646 1335 3710 eotrstitnetrnnt.
1388 3645 1458 3722 Quo
1483 3646 1521 3710 de
1545 3647 1614 3710 loco
1643 3644 1841 3710 emendando
1867 3644 1944 3728 quid

186 3762 326 3824 indicem
350 3761 502 3843 quoniam
520 3757 630 3822 tani-t.
652 3757 775 3820 CXVII
796 3778 824 3840 p.
845 3759 909 3821 275
934 3775 997 3838 seq.
1018 3763 1049 3818 et
1068 3754 1176 3818 CXIX
1195 3776 1224 3838 p.
1245 3756 1310 3819 866
1329 3755 1477 3837 exposui,
1501 3759 1598 3818 restat
1616 3760 1652 3818 ut
1671 3753 1797 3835 addam,
1820 3753 1944 3816 lenissi-

187 3889 272 3932 mam
295 3868 373 3931 milri
395 3869 459 3930 ianr
483 3886 552 3930 eam
571 3866 672 3928 videri
697 3867 936 3944 correctionem,
961 3883 1025 3946 qua
1047 3865 1081 3926 in
1105 3864 1182 3947 ipsis
1201 3863 1265 3925 illis
1288 3863 1445 3944 corruptis
1465 3861 1571 3924 verbis
1595 3861 1631 3922 in
1655 3881 1718 3943 qno
1742 3861 1839 3923 latere
1858 3867 1945 3922 ratus

188 3975 379 4058 aciemque
409 3975 546 4037 scribam
577 3973 741 4056 aciernqna
769 3971 834 4034 stin·
859 3992 961 4054 prope
990 3991 1126 4033 ettennon
1155 3969 1335 4032 adrersarii
1364 3967 1602 4032 errtrstitnebnnt
1631 3969 1685 4031 cfr.
1711 3970 1768 4048 25,
1799 3973 1816 4030 7
1848 3968 1943 4028 ierem

187 4088 391 4146 arreratnnnn
413 4081 573 4164 praesidii
595 4101 694 4144 carisa
719 4101 783 4142 tron
809 4081 899 4160 iotrpe
921 4078 961 4141 nir
984 4099 1076 4161 apere
1096 4099 1198 4160 prope
1220 4082 1325 4140 eristen
1349 4076 1528 4140 rorastitnit.

977 4274 1107 4342 XXXI,
1131 4278 1159 4338 4.

349 4403 408 4488 qni
426 4403 486 4468 etsi
509 4409 601 4466 erant
620 4401 731 4486 patiri,
757 4407 863 4464 tamen
884 4406 1019 4484 propter
1044 4401 1193 4462 rr'rtntene
1219 4419 1336 4480 irraptro
1359 4395 1560 4460 intrerstnias
1584 4394 1697 4458 timore
1715 4415 1827 4458 earnm
1850 4416 1946 4480 opera

181 4509 386 4595 officiebant.
422 4507 550 4594 Erravi,
574 4511 630 4594 qui
653 4511 687 4572 in
707 4529 816 4592 propr.
836 4508 936 4574 Misn.
959 4511 1091 4592 retsp.
1112 4507 1272 4571 noverea
1295 4526 1406 4568 eorrrtn
1429 4525 1525 4588 opera
1542 4511 1667 4588 praeter
1684 4505 1839 4568 rationem
1862 4505 1946 4567 dicta

190 4639 259 4684 esse
282 4620 418 4701 ideoque
442 4619 634 4682 removenda
663 4637 732 4681 esse
761 4617 951 4694 iudicarem,
985 4616 1103 4680 amarit
1139 4612 1334 4698 Degenlrart,
1366 4614 1421 4696 qui
1445 4633 1473 4696 p.
1493 4615 1535 4675 27
1559 4631 1656 4694 opera
1679 4611 1854 4674 ablativum
1877 4629 1946 4673 esse

190 4735 221 4791 et
243 4747 355 4790 eorntrn
378 4745 435 4810 pro
459 4725 612 4789 reflexion
641 4726 829 4808 pronomine
858 4744 921 4786 sien
944 4722 1134 4786 sumendum
1159 4721 1258 4784 docet.
1311 4719 1510 4801 Quamquam
1542 4720 1608 4802 ipse
1632 4717 1802 4783 confitetur
1832 4715 1946 4780 Heras·

191 4857 271 4898 nens
294 4835 426 4898 titillant
448 4833 542 4896 nitent
564 4833 746 4914 ererrrplant
770 4831 854 4896 noni.
891 4829 1018 4894 Etenim
1042 4829 1165 4892 etiamsi
1188 4849 1252 4892 non
1274 4828 1378 4890 solnm
1401 4827 1569 4910 scriptores
1587 4826 1749 4908 vulgares,
1773 4825 1829 4887 sed
1852 4826 1945 4887 etiam

191 4944 399 5026 elegantiores
423 4941 509 5004 lraud
532 4961 603 5003 raro
627 4940 696 5004 loeo
719 4939 916 5024 pronominis
939 4937 1086 5000 reflexim
1108 4943 1245 5000 utuntur
1268 4935 1455 5018 pronomine
1483 4934 1725 4998 deterrrrinatino
1748 4934 1782 4994 ln
1806 4933 1947 4995 oratione

191 5052 321 5133 obliqua
351 5055 446 5132 atque
476 5049 521 5112 ibi
551 5067 616 5112 non
648 5049 710 5110 nisi
740 5049 774 5110 in
805 5047 979 5110 enuntiatis
1009 5045 1221 5125 secundariis,
1256 5051 1362 5107 tamen
1393 5041 1537 5106 horrrinos
1569 5042 1667 5105 latine
1694 5040 1861 5122 loquentes
1891 5040 1947 5102 tali

192 5177 267 5222 usos
287 5177 356 5222 esse
379 5157 524 5222 libertate
546 5158 582 5220 in
606 5156 781 5220 enuntiatis
807 5155 967 5237 primariis
991 5154 1143 5216 orationis
1166 5159 1270 5216 rectae
1294 5168 1387 5212 nemo
1415 5149 1529 5231 arlhuc,
1554 5148 1659 5231 quoad
1683 5148 1795 5220 sciam,
1824 5153 1948 5230 praeter

1769 5271 1786 5324 3
